@manual{rfid_handbook,
  author        = "{Klaus Finkenzeller}",
  title         = "{RFID Handbook - Fundamentals and Applications in Contactless Smart Cards and Identification 3rd Edition}",
  year          = "2010"
}

@manual{rfid_interface,
  author        = "{Chao Lu and Yong-ming Li}",
  title         = "{The RF Interface Circuits Design of Contactless IC Cards}",
  year          = "2001"
}

@manual{rfid_modulador,
  author        = "{Dong-sheng Liu and Xue-cheng Zou and Qiu-ping Yang and Ting-wen Xiong}",
  title         = "{An analog front-end circuit for ISO/IEC 15693-compatible RFID transponder IC}",
  year          = "2006"
}

@manual{rfid_rect,
  author        = "{Chi-Huan Lu and Ji-An Li and Tsung-Hsien Lin}",
  title         = "{A 13.56-MHz passive NFC tag IC in 0.18-um CMOS process for biomedical applications}",
  year          = "2016"
}

@manual{rfid_rect1,
  author        = "{Fan Jiang, Donghui Guo and L. L. Cheng}",
  title         = "{Analysis and Design of Power Generator on Passive RFID Transponders}",
  year          = "2008"
}
@manual{rfid_rect2,
  author        = "{Zhu Zheng, Ben Jamali and Peter H. Cole}",
  title         = "{Brief Comparison of Different Rectifier Structures for RFID Transponders}",
}

@manual{rfid_ldo,
  author        = "{Robert J. Milliken, Jose Silva-Martínez and Edgar Sánchez-Sinencio}",
  title         = "{Full On-Chip CMOS Low-Dropout Voltage Regulator}",
  year          = "2007"
}

@manual{rfid_demodulador,
  author        = "{Jie Tian and Zhongchen Yu}",
  title         = "{Analog Front End Design of Contactless Smart Card}",
  year          = "2012"
}

@manual{panadero,
  author        = "{Jacob Baker}",
  title         = "{CMOS Circuit Design, Layout, and Simulation, Third Edition}",
  year          = "2010"
}

@manual{rfid_transponder,
  author        = "{Valentin Chesaru and Antonio Pieleanu and Claudius Dan and Mircea Bodea}",
  title         = "{RFID  13.56MHz  TRANSPONDER  IC  FRONTEND}",
  year          = "2010"
}

@manual{mosis,
  author        = "{MOSIS Services}",
  title         = "{https://www.mosis.com/}",
}

@manual{synopsys,
  author        = "{Synopsys}",
  title         = "{https://www.synopsys.com/}",
}

@manual{cmnb,
  author        = "{CMNB - INTI}",
  title         = "{http://www.inti.gob.ar/microynanoelectronica/cmnb.htm}",
}

@standard{nfc_spec,
  title         = "Identification cards - Contactless integrated circuit(s) cards - Proximity cards",
  organization  = "ISO/IEC",
  number        = "14443",
  revision      = "",
  year          = ""
}
;
  
