@manual{octave,
  author        = "J. W. Eaton and D. Bateman and S. Hauberg and R. Wehbring",
  title         = {{GNU Octave} version 3.8.1 manual: a high-level interactive language for numerical computations},
  publisher     = "{CreateSpace Independent Publishing Platform}",
  year          = "2014",
  url           = {http://www.gnu.org/\-software/\-octave/\-doc/\-interpreter}
}

@electronic{ghdl,
  author    = "Tristan Gingold",
  title     = "Where {VHDL} meets gcc",
  url       = "http://ghdl.free.fr/"
}

@online{gpl3,
  author = {{Free Software Foundation, Inc}},
  title = {{GNU GENERAL PUBLIC LICENSE version 3}},
  url = "https://www.gnu.org/\-licenses/\-gpl-3.0.en.html"
}

@online{bsd3clauses,
  author = {{University of California}},
  title = {{The 3-Clause BSD License}},
  url = "https://opensource.org/\-licenses/\-BSD-3-Clause"
}

@online{yosys,
  author = "Clifford Wolf",
  title = {{Yosys Open Synthesis suite}},
  url = "http://www.clifford.at/\-yosys"
}

@online{arachne,
  title = {{Arachne: Place and route tool for FPGAs}},
  url = "https://github.com/\-cseed/\-arachne-pnr"
}

@online{icestorm,
  author = "Clifford Wolf",
  title = {{Project IceStorm}},
  url = "http://www.clifford.at/\-icestorm/"
}

@online{autotools,
  author = {{GNU Project}},
  title = "The Autotools",
  url = "https://www.gnu.org/\-software/\-automake/\-manual/\-html\_node/\-GNU-Build-System.html"
}

@online{debian,
  author = {{Debian Project}},
  title = "Debian: the Universal Operating System",
  url = "http://www.\-debian.\-org"
}

@online{git,
  author = "Linus Torvalds and Junio Hamano and others",
  title = "Git",
  url = "https://git-scm.com"
}

@online{github,
  title = "GitHub",
  url = "https://github.com"
}

@online{hdl_make,
  author = {{CERN}},
  title = "HDLMake",
  url = "http://www.ohwr.org/\-projects/\-hdl-make"
}
